/home/alal/Dropbox/MyLibrary2.bib